@article{Zazzi2012,
	Author = {Zazzi, M. and Incardona, F. and Rosen-Zvi, M. and Prosperi, M. and Lengauer, T. and Altmann, A. and Sonnerborg, A. and Lavee, T. and Sch{\"u}lter, E. and Kaiser, R.},
	Title = {Predicting response to antiretroviral treatment by machine learning: the EuResist project},
	Journal = {Intervirology},
	Volume = {55},
	Number = {2},
	Year = {2012},
	Pages = {123--127}
}

