@article{Matsen2010,
	Author = {Matsen, F. A. and Kodner, R. B. and Armbrust, E. V.},
	Title = {pplacer: linear time maximum-likelihood and Bayesian phylogenetic placement of sequences onto a fixed reference tree},
	Journal = {BMC Bioinformatics},
	Volume = {11},
	Pages = {538},
	Year = {2010}
}

@article{Zazzi2012,
	Author = {Zazzi, M. and Incardona, F. and Rosen-Zvi, M. and Prosperi, M. and Lengauer, T. and Altmann, A. and Sonnerborg, A. and Lavee, T. and Sch{\"u}lter, E. and Kaiser, R.},
	Title = {Predicting response to antiretroviral treatment by machine learning: the EuResist project},
	Journal = {Intervirology},
	Volume = {55},
	Number = {2},
	Year = {2012},
	Pages = {123--127}
}

